<?xml version="1.0" encoding="UTF-8"?><collection xmlns="http://www.loc.gov/MARC21/slim"><record><leader>00418nam--2200145-i-4500</leader><controlfield tag="001">000025310</controlfield><controlfield tag="002">20161230</controlfield><controlfield tag="005">20161230201035</controlfield><controlfield tag="008">060222s1000------------r-----000-0-eng-d</controlfield><datafield ind1=" " ind2=" " tag="080"><subfield code="a">517.982.22:519.651</subfield></datafield><datafield ind1=" " ind2=" " tag="100"><subfield code="a">Ilioi, Constantin</subfield></datafield><datafield ind1=" " ind2=" " tag="245"><subfield code="a">Probleme de optimizare si algoritmi de aproximare a solutiilor</subfield></datafield><datafield ind1=" " ind2=" " tag="260"><subfield code="a">Bucuresti, Ed. Acad. Rsr., 1980. 202p</subfield></datafield><datafield ind1=" " ind2=" " tag="852"><subfield code="a">47365</subfield><subfield code="c">517.9</subfield></datafield><datafield ind1=" " ind2=" " tag="CAT"><subfield code="a">Sys</subfield><subfield code="c">20090318</subfield><subfield code="h">092826</subfield></datafield></record></collection>